%% Obtained via the getNewBibTeX script and the SPIRES biblio service

@Article{Phys.Rev.Lett.19.1264,
     author    = "Weinberg, Steven",
     title     = "A MODEL OF LEPTONS",
     journal   = "Phys. Rev. Lett.",
     volume    = "19",
     year      = "1967",
     pages     = "1264-1266",
     SLACcitation  = "%%CITATION = PRLTA,19,1264;%%"
}


@article{CMS_TDR_PHYS_vol1,
  added-at = {2007-09-22T20:12:41.000+0200},
  author = {{CMS Collaboration}},
  biburl = {http://www.bibsonomy.org/bibtex/2c886cc9a2b545633166cb5a4ebc289b1/stuartw},
  citeulike-article-id = {773248},
  date-added = {2006-11-01 13:16:32 +0000},
  date-modified = {2007-03-26 15:09:52 +0100},
  interhash = {a2f8b57746869e87d13af9fabcff3b51},
  intrahash = {c886cc9a2b545633166cb5a4ebc289b1},
  journal = {CERN/LHCC},
  keywords = {cms mine tau},
  priority = {2},
  timestamp = {2007-09-22T20:12:41.000+0200},
  title = {The CMS Physics Technical Design Report, Volume 1},
  volume = {2006-001},
  year = 2006
}

@book{CMS_ECAL_TDR,
      title        = "The CMS electromagnetic calorimeter project: Technical
                      Design Report",
      publisher    = "CERN",
      address      = "Geneva",
      series       = "Technical Design Report CMS",
      year         = "1997",
}


@unpublished{cms-public-detector,
      author       = "CERN",
      title        = "CMS Compact Muon Solenoid.",
      month        = "Feb",
      year         = "2010",
      note         = "http://public.web.cern.ch/public/Objects/LHC/CMSnc.jpg."
}



@unpublished{Jean-Luc:841573,
      author       = "Jean-Luc Caron",
      title        = "LHC Layout.. Schema general du LHC.",
      month        = "Sep",
      year         = "1997",
}

@Article{Phys.Rev.D2.1285,
     author    = "Glashow, S. L. and Iliopoulos, J. and Maiani, L.",
     title     = "WEAK INTERACTIONS WITH LEPTON - HADRON SYMMETRY",
     journal   = "Phys. Rev.",
     volume    = "D2",
     year      = "1970",
     pages     = "1285-1292",
     SLACcitation  = "%%CITATION = PHRVA,D2,1285;%%"
}


@unpublished{LHClumo,
      author       = "CMS Collaboration",
      title        = "CMS Luminosity - Public Results",
      year         = "2011",
      note         = "twiki.cern.ch/twiki/bin/view/CMSPublic/LumiPublicResults."
}

@Article{atlastdr,
  added-at = {2010-05-31T16:22:28.000+0200},
  author = {Aad, G. and others},
  collaboration = {ATLAS},
  description = {SPIRES-HEP: FIND KEY 7955545},
  doi = {10.1088/1748-0221/3/08/S08003},
  interhash = {7f75bd6a9f3426b6ee5f2333c560914b},
  intrahash = {3313194bf5746543a92ca76b522765c7},
  journal = {JINST},
  slaccitation = {%%CITATION = JINST,3,S08003;%%},
  timestamp = {2010-05-31T16:22:28.000+0200},
  title = {{The ATLAS Experiment at the CERN Large Hadron Collider}},
  url = {http://jinst.sissa.it/LHC/},
  volume = 3,
  year = 2008
}

@article{cmstdr,
  added-at = {2010-06-01T06:16:37.000+0200},
  author = {Adolphi, R. and others},
  biburl = {http://www.bibsonomy.org/bibtex/213fed88916ce1936a004c811c4393ab4/wc},
  collaboration = {CMS},
  doi = {10.1088/1748-0221/3/08/S08004,
                        10.1088/1748-0221/3/08/S08004},
  interhash = {3a8af7e0dca1a8930dbc25faddbf9079},
  intrahash = {13fed88916ce1936a004c811c4393ab4},
  journal = {JINST},
  keywords = {cms diplom},
  pages = {S08004},
  timestamp = {2010-06-01T06:16:37.000+0200},
  title = {The CMS experiment at the CERN LHC},
  volume = 0803,
  year = 2008
}

@article{lhcbtdr,
  added-at = {2009-01-29T19:28:28.000+0100},
  author = {Alves, A. Augusto and others},
  biburl = {http://www.bibsonomy.org/bibtex/2116ebdf9998d0d2d5540c5e6c7896c97/clange},
  collaboration = {LHCb},
  doi = {10.1088/1748-0221/3/08/S08005},
  interhash = {28da15064923a6e81112799a7291a879},
  intrahash = {116ebdf9998d0d2d5540c5e6c7896c97},
  journal = {JINST},
  keywords = {experiment imported},
  pages = {S08005},
  slaccitation = {%%CITATION = JINST,3,S08005;%%},
  timestamp = {2009-01-29T19:28:28.000+0100},
  title = {{The LHCb Detector at the LHC}},
  volume = 3,
  year = 2008
}

@article{alicetdr,
  added-at = {2009-01-29T19:28:59.000+0100},
  author = {Aamodt, K. and others},
  biburl = {http://www.bibsonomy.org/bibtex/25d8ff034f8fbdab634399a3a502991dc/clange},
  collaboration = {ALICE},
  doi = {10.1088/1748-0221/3/08/S08002},
  interhash = {a3f76cdf1b7d8e1781f337de86827ffe},
  intrahash = {5d8ff034f8fbdab634399a3a502991dc},
  journal = {JINST},
  keywords = {experiment imported},
  pages = {S08002},
  slaccitation = {%%CITATION = JINST,3,S08002;%%},
  timestamp = {2009-01-29T19:28:59.000+0100},
  title = {{The ALICE experiment at the CERN LHC}},
  volume = 3,
  year = 2008
}



@Article{Amato:1998xt,
     author    = "Amato, S. and others",
 collaboration = "LHCb",
     title     = "LHCb technical proposal",
     note     = "CERN-LHCC-98-4"
}

@Misc{hepthesis,
     author = "Buckley, Andy",
     title  = "The hepthesis {\LaTeX} class"
}
